@Article{Guevara2018,
	AUTHOR = {Guevara, M. and Olmedo, G. F. and Stell, E. and Yigini, Y. and Aguilar Duarte, Y. and Arellano Hern\'andez, C. and Ar\'evalo, G. E. and Arroyo-Cruz, C. E. and Bolivar, A. and Bunning, S. and Bustamante Ca\~nas, N. and Cruz-Gaistardo, C. O. and Davila, F. and Dell Acqua, M. and Encina, A. and Figueredo Tacona, H. and Fontes, F. and Hern\'andez Herrera, J. A. and Ibelles Navarro, A. R. and Loayza, V. and Manueles, A. M. and Mendoza Jara, F. and Olivera, C. and Osorio Hermosilla, R. and Pereira, G. and Prieto, P. and Ramos, I. A. and Rey Brina, J. C. and Rivera, R. and Rodr\'{\i}guez-Rodr\'{\i}guez, J. and Roopnarine, R. and Rosales Ibarra, A. and Rosales Riveiro, K. A. and Schulz, G. A. and Spence, A. and Vasques, G. M. and Vargas, R. R. and Vargas, R.},
	TITLE = {No silver bullet for digital soil mapping: country-specific soil organic carbon estimates across Latin America},
	JOURNAL = {SOIL},
	VOLUME = {4},
	YEAR = {2018},
	NUMBER = {3},
	PAGES = {173--193},
	URL = {https://www.soil-journal.net/4/173/2018/},
	DOI = {10.5194/soil-4-173-2018}
}

@article{rs9030268,
	author = {Poblete-Echeverr{\'{i}}a, Carlos and Olmedo, Guillermo Federico and Ingram, Benjamin},
	doi = {10.3390/rs9030268},
	file = {:home/guillermo/Documentos/Doctorado/Bibliografia/Poblete-echeverr{\'{i}}a, Olmedo, Ingram - Detection and Segmentation of Vine Canopy in Very High-Resolution RGB Imagery obtained from Unmann.pdf:pdf},
	isbn = {2072-4292},
	issn = {2072-4292},
	journal = {Remote Sensing},
	number = {3},
	pages = {1--13},
	title = {{Detection and Segmentation of Vine Canopy in Very High-Resolution RGB Imagery obtained from Unmanned Aerial Vehicle ( UAV ): A Case study in a Commercial Vineyard .}},
	volume = {9},
	year = {2017}
}

@article{Olmedo2016,
	author = {Olmedo, Guillermo Federico and Ortega-Far{\'{i}}as, Samuel and {De la Fuente-S{\'{a}}iz}, Daniel and Fonseca, David and Fuentes-Pe{\~{n}}ailillo, Fernando},
	file = {:home/guillermo/Documentos/Doctorado/Bibliografia/Olmedo et al. - water Tools and Functions to Estimate Actual Evapotranspiration Using Land Surface Energy Balance Models in R - 2016.pdf:pdf},
	journal = {The R Journal},
	mendeley-groups = {UAVsRGB{\_}dec16},
	number = {2},
	pages = {352--369},
	title = {{water : Tools and Functions to Estimate Actual Evapotranspiration Using Land Surface Energy Balance Models in R}},
	volume = {8},
	year = {2016}
}


@incollection{Angueira2016,
	author = {Angueira, C and Cruzate, G and Zamora, E M and Olmedo, G F and Sayago, J M and {Castillejo Gonz{\'{a}}lez}, I},
	booktitle = {Geopedology SE  - 17},
	doi = {10.1007/978-3-319-19159-1{\_}17},
	editor = {Zinck, Joseph Alfred and Metternicht, Graciela and Bocco, Gerardo and {Del Valle}, H{\'{e}}ctor Francisco},
	isbn = {978-3-319-19158-4},
	keywords = {GIS,Geopedology,Landscape classification,Remote sensing,Soil mapping},
	language = {English},
	pages = {285--303},
	publisher = {Springer International Publishing},
	title = {{Soil Mapping Based on Landscape Classification in the Semiarid Chaco, Argentina}},
	url = {http://dx.doi.org/10.1007/978-3-319-19159-1{\_}17},
	year = {2016}
}
@incollection{Bedendo2016,
	author = {Bedendo, D J and Schulz, G A and Olmedo, G F and Rodr{\'{\i}}guez, D M and Angelini, M E},
	booktitle = {Geopedology SE  - 18},
	doi = {10.1007/978-3-319-19159-1{\_}18},
	editor = {Zinck, Joseph Alfred and Metternicht, Graciela and Bocco, Gerardo and {Del Valle}, H{\'{e}}ctor Francisco},
	isbn = {978-3-319-19158-4},
	keywords = {Continuous soil productivity index,Conventional soil map,DEM-derived environmental covariates,Kriging analysis,Regression analysis},
	language = {English},
	pages = {305--319},
	publisher = {Springer International Publishing},
	title = {{Updating a Physiography-Based Soil Map Using Digital Soil Mapping Techniques}},
	url = {http://dx.doi.org/10.1007/978-3-319-19159-1{\_}18},
	year = {2016}
}
