@book{Gardi2014,
address = {Luxembourg},
author = {Gardi, C. and Angelini, M. and Barcel\'{o}, S. and Comerma, J. and {Cruz Gaistardo}, C. and {Encina Rojas}, A. and Jones, A. and Krasilnikov, P. and {Mendon\c{c}a Santos Brefin}, M.L. and Montanarella, L. and {Mu\~{n}iz Ugarte}, O. and Schad, P. and {Vara Rodr\'{\i}guez}, M.I. and Vargas, R. and Olmedo, Guillermo Federico},
editor = {Gardi, C. and Angelini, M. and Barcel\'{o}, S. and Comerma, J. and {Cruz Gaistardo}, C. and {Encina Rojas}, A. and Jones, A. and Krasilnikov, P. and {Mendon\c{c}a Santos Brefin}, M.L. and Montanarella, L. and {Mu\~{n}iz Ugarte}, O. and Schad, P. and {Vara Rodr\'{\i}guez}, M.I. and Vargas, R.},
isbn = {978-92-79-25599-1},
pages = {176},
publisher = {Comisi\'{o}n Europea - Oficina de Publicaciones de la Uni\'{o}n Europea},
title = {{Atlas de suelos de Am\'{e}rica Latina y el Caribe}},
year = {2014}
}

@incollection{Olmedo2014,
author = {Olmedo, Guillermo Federico and Vallone, Rosana and Tacchini, Fabio and Naldini, Eduardo},
booktitle = {Ganader\'{\i}a bovina de General Alvear},
isbn = {978-987-27642-2-7},
pages = {23 to 36},
title = {{Zonificaci\'{o}n de la vegetaci\'{o}n y de \'{A}reas Ganaderas de la Zona \'{A}rida del Departamento de General Alvear}},
year = {2014}
}

@book{cookbook2017,
	author = {Brus, Dick and Hengl, Tomislav and Heuvelink, Gerard and Hiederer, Roland and Kempen, Bas and Mulder, Titia V L and Olmedo, Guillermo Federico and Poggio, Laura and Rivero, Eloi and Omuto, Christian Thine},
	editor = {Yigini, Yusuf and Baritz, Rainer and Vargas, Ronald R},
	pages = {180},
	publisher = {GSP, FAO},
	title = {{Soil Organic Carbon Mapping Cookbook}},
	url = {http://www.fao.org/3/a-bs901e.pdf},
	year = {2017}
}
