@inproceedings{olmedo_g._f._estimacion_2012,
	address = {Mar del Plata, Argentina},
	title = {Estimación de Variables Edáficas en el Oasis Productivo De Tupungato, Mendoza. {XIX} Congreso Latinoamericano de la Ciencia del Suelo. {XXIII} Congreso Argentino de la Ciencia del Suelo. Mar del Plata. Argentina.},
	author = {Olmedo, G F and Angelini, M E and Vallone, R C and Moretti, L},
	year = {2012},
	note = {00000},
	file = {Olmedo, G. F. et al_2012_Estimación de Variables Edáficas en el Oasis Productivo De Tupungato, Mendoza.pdf:/home/guillermo/Dropbox/Bibliografia - Zotero/storage/Q9TTZJ8H/Olmedo, G. F. et al_2012_Estimación de Variables Edáficas en el Oasis Productivo De Tupungato, Mendoza.pdf:application/pdf}
}
