@unpublished{Bedendo2015,
author = {Bedendo, D.J. and Schulz, G.A. and Olmedo, G.F. and Rodr\'{\i}guez, Dar\'{\i}o and Angelini, M.E. and Vuegen, L.M. Tenti and Irigoin, J. and Moretti, L.M.},
pages = {14},
title = {{Updating of a physiographically-based soil map throughout digital soil mapping techniques}},
year = {2015}
}

@unpublished{Angueira2015,
author = {Angueira, M.C. and Cruzate, G. and Zamora, E.M. and Olmedo, G.F. and Sayago, J.M. and Castillejo, I},
pages = {17},
title = {{Soil mapping based on landscape classification in the semiarid Chaco, Argentina}},
year = {2015}
}
