@article{Olmedo2017,
author = {Olmedo, Guillermo Federico},
journal = {Revista Campo Andino},
pages = {10 -- 15},
title = {{Un aliado en los cielos. Drones en Viticultura}},
year = {2017}
}

@article{Olmedo2009,
author = {Olmedo, Guillermo Federico},
journal = {Revista Campo Andino},
pages = {10 -- 15},
title = {{Tecnolog\'{\i}a para medir variabilidad de suelos}},
year = {2009}
}

@techreport{Villagra2010,
author = {Villagra, Pablo and Cesca, Erica and \'{A}lvarez, Juan and Rojas, Facundo and Bourguet, Mariano and Rubio, Clara and Mastr\'{a}ngelo, Pablo and Rodr\'{\i}guez, Daniela and Abraham, Elena and Lucero, Gustavo and Olmedo, Guillermo Federico and {Gonz\'{a}lez Loyarte}, Margarita and Vallone, Rosana Celia and Sosa, Heber and Sendra, Juan and Guillot, Sergio and Rubio, Cecilia and Soria, Nelson Dar\'{\i}o and Rico, Rolando and Gordillo, Jorge and Martinez, Flavio and Berlanga, Pablo and Pisi, Mario and Escobar, Mar\'{\i}a Esther and Yanelli, Florencia and Vezzani, Nazzareth},
institution = {Secretar\'{\i}a de Ambiente. Direcci\'{o}n de Recursos Naturales Renovables. Gobierno de Mendoza},
title = {{Documento de Ordenamiento de Bosques Nativos de la Provincia de Mendoza}},
year = {2010}
}
@techreport{Olmedo2010,
author = {Olmedo, Guillermo Federico and Vallone, Rosana Celia},
institution = {Instituto Nacional de Tecnolog\'{\i}a Agropecuaria},
title = {{Variaci\'{o}n temporal del \'{a}rea urbanizada en el cintur\'{o}n verde de Mendoza, entre 1976 y 2009 detectada por sensores remotos.}},
year = {2010}
}

@techreport{Vallone2014,
address = {Mendoza, Argentina},
author = {Vallone, Rosana Celia and Olmedo, Guillermo Federico},
institution = {INTA - Agr\'{\i}cola Presidente S.A, Finca La Celia S.A., La rural vi\~{n}edos y bodegas SA, ALTOS LS HORMIGAS SAVIyC, Vi\~{n}a Do\~{n}a Paula SA, S.A. Angulo Agropecuaria e Inmobiliaria, Grupo Pe\~{n}aflor, Bodegas y Vi\~{n}edos O.Fournier SA, TRIVENTO BODEGAS Y VI\~{N}EDOS SA y Per},
pages = {120},
title = {{Estudio de Ampliaci\'{o}n de la Indicaci\'{o}n Geogr\'{a}fica Altamira}},
year = {2014}
}

@techreport{Olmedo2018STE,
	address = {Mendoza, Argentina},
	author = {Olmedo, Guillermo Federico and Ferrari, Florencia and Cara, Leandro Javier},
	institution = {INTA EEA Mendoza},
	pages = {25},
	title = {{Caracterizaci{\'{o}}n geol{\'{o}}gica, ed{\'{a}}fica y clim{\'{a}}tica como base para el an{\'{a}}lisis de la interacci{\'{o}}n gen{\'{e}}tica -terroir para la pptimizaci{\'{o}}n de la calidad enol{\'{o}}gica del cultivar Malbec}},
	year = {2018}
}
