@unpublished{bedendo2015,
author = {Bedendo, Dante and Olmedo, Guillermo,
title = {Updating a fucking map},
date = {2015},
OPTaddendum = {addendum},
OPTpubstate = {pubstate},
OPTurl = {url},
OPTurldate = {urldate},
}
