@book{Gardi2014,
address = {Luxembourg},
author = {El, Y},
doi = {10.2788/37334},
editor = {Gardi, C. and Angelini, M. and Barcel\'{o}, S. and Comerma, J. and {Cruz Gaistardo}, C. and {Encina Rojas}, A. and Jones, A. and Krasilnikov, P. and {Mendon\c{c}a Santos Brefin}, M.L. and Montanarella, L. and {Mu\~{n}iz Ugarte}, O. and Schad, P. and {Vara Rodr\'{\i}guez}, M.I. and Vargas, R.},
isbn = {9789279255991},
pages = {1--60},
publisher = {Comisi\'{o}n Europea - Oficina de Publicaciones de la Uni\'{o}n Europea},
title = {{Atlas De Suelos De Am\'{e}rica Latina Y El Caribe}},
year = {2014}
}
@inproceedings{Maffei2012,
address = {Mar del Plata, Argentina},
author = {Maffei, Jos\'{e} A and Vallone, Rosana Celia and Gonz\'{a}lez, M and Olmedo, Guillermo Federico and Haist, Walter and Maffei, Etel and Mastrantonio, L.},
booktitle = {XIX Congreso Latinoamericano de la Ciencia del Suelo. XXIII Congreso Argentino de la Ciencia del Suelo},
title = {{Metales Pesados Disponibles y Totales en Suelos Irrigados del R\'{\i}o Mendoza}},
year = {2012}
}
@inproceedings{MansillaBaca2013,
address = {Florianapolis, Brasil},
author = {{Mansilla Baca}, Jesus F and {Mendon\c{c}a Santos Brefin}, M.L. and Vasques, Gustavo M and Dart, Ricardo and Olmedo, Guillermo Federico},
booktitle = {XXXIV Congresso Brasileiro de Ci\^{e}ncia do Solo},
title = {{Capacita\c{c}\~{a}o em Mapeamento Digital de Solos. Cursos presenciais e \`{a} distancia para t\'{e}cnicos de Latino Am\'{e}rica}},
year = {2013}
}
@article{Olmedo2009,
author = {Olmedo, Guillermo Federico},
journal = {Revista Campo Andino},
pages = {10 -- 15},
title = {{Tecnolog\'{\i}a para medir variabilidad de suelos}},
year = {2009}
}
@inproceedings{Olmedo2012a,
address = {Mar del Plata, Argentina},
author = {Olmedo, Gf and Angelini, Me},
booktitle = {\ldots del Suelo. 23. 2012 04 16 \ldots},
keywords = {cartograf\'{\i}a digital de suelos,mendoza,regresi\'{o}n-kriging,tupungato},
title = {{Estimaci\'{o}n de variables ed\'{a}ficas en el oasis productivo de Tupungato, Mendoza.}},
url = {http://www.sidalc.net/cgi-bin/wxis.exe/?IsisScript=INTA2.xis\&method=post\&formato=2\&cantidad=1\&expresion=mfn=067627},
year = {2012}
}
@inproceedings{Olmedo2011,
address = {Mendoza, Argentina},
author = {Olmedo, Guillermo Federico and Vallone, Rosana Celia},
booktitle = {1er Simposio Argentino de Viticultura y Enolog\'{\i}a},
title = {{Dise\~{n}o y construcci\'{o}n de un lis\'{\i}metro de pesada para la medici\'{o}n de evapotranspiraci\'{o}n real en vid en Mendoza, Argentina}},
year = {2011}
}
@techreport{Olmedo2010,
author = {Olmedo, Guillermo Federico and Vallone, Rosana Celia},
institution = {Instituto Nacional de Tecnolog\'{\i}a Agropecuaria},
title = {{Variaci\'{o}n temporal del \'{a}rea urbanizada en el cintur\'{o}n verde de Mendoza, entre 1976 y 2009 detectada por sensores remotos.}},
year = {2010}
}
@inproceedings{Olmedo2014,
address = {Bah\'{\i}a Blanca, Argentina.},
author = {Olmedo, Guillermo Federico and Vallone, Rosana Celia},
booktitle = {XXIV Congreso Nacional del la Ciencia del Suelo},
title = {{Caracterizaci\'{o}n de la variabilidad intraparcelaria de suelos mediante sensores proximales}},
year = {2014}
}
@inproceedings{Olmedo2009a,
address = {Montevideo, Uruguay},
author = {Olmedo, Guillermo Federico and Vallone, Rosana Celia and Cara, Leandro Javier},
booktitle = {XII Congreso Latinoamericano de Viticultura y Enolog\'{\i}a},
title = {{An\'{a}lisis de la evoluci\'{o}n de la superficie vit\'{\i}cola en el departamento de Luj\'{a}n de Cuyo, Mendoza, argentina en el periodo 1989 – 2009 mediante t\'{e}cnicas de teledetecci\'{o}n de media resoluci\'{o}n}},
year = {2009}
}
@inproceedings{Olmedo2012,
address = {Mendoza, Argentina},
author = {Olmedo, Guillermo Federico and Vallone, Rosana Celia and Tozzi, Fabi\'{a}n},
booktitle = {VI Jornadas de Riego y Fertirriego},
title = {{Dise\~{n}o y construcci\'{o}n de un lis\'{\i}metro de pesada para la medici\'{o}n de la evapotranspiraci\'{o}n real en vid en Mendoza, Argentina}},
year = {2012}
}
@inproceedings{Olmedo2013,
address = {San Juan, Argentina},
author = {Olmedo, Guillermo Federico and Vallone, Rosana Celia and Tozzi, Fabi\'{a}n},
booktitle = {XXIV Congreso Nacional del Agua},
title = {{Dise\~{n}o y construcci\'{o}n de un lis\'{\i}metro de pesada para la medici\'{o}n de la evapotranspiraci\'{o}n real en vid en Mendoza, Argentina}},
year = {2013}
}
@incollection{Olmedo2014,
author = {Olmedo, Guillermo Federico and Vallone, Rosana and Tacchini, Fabio and Naldini, Eduardo},
booktitle = {Ganader\'{\i}a bovina de General Alvear},
isbn = {978-987-27642-2-7},
pages = {23 to 36},
title = {{Zonificaci\'{o}n de la vegetaci\'{o}n y de \'{A}reas Ganaderas de la Zona \'{A}rida del Departamento de General Alvear}},
year = {2014}
}
@inproceedings{Vallone,
address = {Rosario, Argentina},
author = {Vallone, Rosana Celia and Olmedo, Guillermo Federico},
booktitle = {XXII Congreso Argentino de la Ciencia del Suelo},
title = {{Uso de sondas de inducci\'{o}n electromagn\'{e}tica para la estimaci\'{o}n de propiedades f\'{\i}sicas del suelo: salinidad, humedad y porcentaje de arcilla}}
}
@techreport{Vallone2014,
address = {Mendoza, Argentina},
author = {Vallone, Rosana Celia and Olmedo, Guillermo Federico},
institution = {INTA - Agr\'{\i}cola Presidente S.A, Finca La Celia S.A., La rural vi\~{n}edos y bodegas SA, ALTOS LS HORMIGAS SAVIyC, Vi\~{n}a Do\~{n}a Paula SA, S.A. Angulo Agropecuaria e Inmobiliaria, Grupo Pe\~{n}aflor, Bodegas y Vi\~{n}edos O.Fournier SA, TRIVENTO BODEGAS Y VI\~{N}EDOS SA y Per},
pages = {120},
title = {{Estudio de Ampliaci\'{o}n de la Indicaci\'{o}n Geogr\'{a}fica Altamira}},
year = {2014}
}
@inproceedings{Vallone2011a,
address = {Tucum\'{a}n, Argentina},
author = {Vallone, Rosana Celia and Olmedo, Guillermo Federico},
booktitle = {2ª Reuni\'{o}n Argentina de Salinidad},
title = {{Uso de sondas de inducci\'{o}n electromagn\'{e}tica para la estimaci\'{o}n de propiedades en suelos \'{a}ridos regad\'{\i}os}},
year = {2011}
}
@inproceedings{Vallone2010,
address = {Mendoza, Argentina},
author = {Vallone, Rosana Celia and Olmedo, Guillermo Federico},
booktitle = {V Jornadas de Riego y Fertirriego},
title = {{Uso de sondas de inducci\'{o}n electromagn\'{e}tica para la estimaci\'{o}n de propiedades en suelos torriflueventes}},
year = {2010}
}
@inproceedings{Vallone2011,
address = {Mendoza, Argentina},
author = {Vallone, Rosana Celia and Olmedo, Guillermo Federico and Caligiore, Gustavo and Haist, Walter},
booktitle = {1er Simposio Argentino de Viticultura y Enolog\'{\i}a},
title = {{Evaluaci\'{o}n del estado nutricional nitrogenado de la vid a trav\'{e}s de mediciones hiperespectrales de reflectancia en el rango VNIR}},
year = {2011}
}
@inproceedings{Vallone2008,
address = {San Luis, Argentina},
author = {Vallone, Rosana Celia and Olmedo, Guillermo Federico and Cara, Leandro Javier and Volante, Jos\'{e} and Collado, Andr\'{e}s Derlys},
booktitle = {XXI Congreso Argentino de la Ciencia del Suelo},
title = {{Relevamiento de la cobertura del suelo de la Provincia de Mendoza, mendiante sensores remotos}},
year = {2008}
}
@inproceedings{Vila2007,
author = {Vila, Hern\'{a}n and {Perez Pe\~{n}a}, Jorge and Garc\'{\i}a, Miguel and Vallone, Rosana Celia and Mastrantonio, L. and Olmedo, Guillermo Federico and {Rodr\'{\i}guez Plaza}, Luis and Salcedo, Carlos},
booktitle = {Congreso Internacional de la AET. “Teledetecci\'{o}n hacia un mejor entendimiento de la din\'{a}mica global y regional”},
editor = {Rivas and Grisotto, R and Sacido, A},
pages = {51 to 58},
title = {{Estimaci\'{o}n de la biomasa en vi\~{n}edos mediante im\'{a}genes satelitales y a\'{e}reas de Mendoza, Argentina}},
year = {2007}
}
@techreport{Villagra2010,
author = {Villagra, Pablo and Cesca, Erica and \'{A}lvarez, Juan and Rojas, Facundo and Bourguet, Mariano and Rubio, Clara and Mastr\'{a}ngelo, Pablo and Rodr\'{\i}guez, Daniela and Abraham, Elena and Lucero, Gustavo and Olmedo, Guillermo Federico and {Gonz\'{a}lez Loyarte}, Margarita and Vallone, Rosana Celia and Sosa, Heber and Sendra, Juan and Guillot, Sergio and Rubio, Cecilia and Soria, Nelson Dar\'{\i}o and Rico, Rolando and Gordillo, Jorge and Martinez, Flavio and Berlanga, Pablo and Pisi, Mario and Escobar, Mar\'{\i}a Esther and Yanelli, Florencia and Vezzani, Nazzareth},
institution = {Secretar\'{\i}a de Ambiente. Direcci\'{o}n de Recursos Naturales Renovables. Gobierno de Mendoza},
title = {{Documento de Ordenamiento de Bosques Nativos de la Provincia de Mendoza}},
year = {2010}
}
@unpublished{Bedendo2015,
author = {Bedendo, D.J. and Schulz, G.A. and Olmedo, G.F. and Rodr\'{\i}guez, Dar\'{\i}o and Angelini, M.E. and Vuegen, L.M. Tenti and Irigoin, J. and Moretti, L.M.},
pages = {14},
title = {{Updating of a physiographically-based soil map throughout digital soil mapping techniques}},
year = {2015}
}
