@Manual{Olmedo2015,
    title = {water: Actual Evapotranspiration with Energy Balance Models},
    author = {Guillermo Federico Olmedo and Samuel Ortega-Farias and David Fonseca-Luengo and Daniel de la Fuente-Saiz and Fernando Fuentes Pe√±ailillo},
    year = {2015},
    note = {R package version 0.3.1},
    url = {https://github.com/midraed/water},
 }

@Manual{Olmedo2016geostat,
	title = {QGIS-R-Geostatistics. R scripts for geostatistical analysis in QGIS},
	author = {Guillermo Federico Olmedo and Marcos Angelini},
	year = {2016},
	note = {version 1.0},
	url = {https://github.com/INTA-suelos/QGIS-R-Geostatistics},
}

